@book{MR1867354,
  added-at = {2011-11-11T03:25:59.000+0100},
  address = {Cambridge},
  author = {Hatcher, Allen},
  biburl = {https://www.bibsonomy.org/bibtex/2a001f8991d1935a94831c18d9e85756d/mwpb479},
  file = {:C\:\\Users\\mat\\Documents\\Pdfs\\AT.pdf:PDF},
  groups = {public},
  interhash = {bf666f5059c799f3b1a723fd79c616d6},
  intrahash = {a001f8991d1935a94831c18d9e85756d},
  isbn = {0-521-79160-X; 0-521-79540-0},
  keywords = {},
  mrclass = {55-01 (55-00)},
  mrnumber = {1867354 (2002k:55001)},
  mrreviewer = {Donald W. Kahn},
  pages = {xii+544},
  publisher = {Cambridge University Press},
  timestamp = {2011-11-11T03:25:59.000+0100},
  title = {Algebraic topology},
  username = {mwpb479},
  year = 2002
}

@book{yáñez2021topología,
  title={Topolog{\'\i}a},
  author={Y{\'a}{\~n}ez, H.B. and Saiz, A.Z.},
  isbn={9788419433220},
  url={https://books.google.fr/books?id=e6iAEAAAQBAJ},
  year={2021},
  publisher={Editorial Sanz y Torres, S.L.}
}

@mastersthesis{jana2018hopf,
  title={The Hopf Fibration},
  author={Jana, Santanil},
  year={2018},
  school={Indian Institute of Science Education and Research Kolkata},
  url={https://www.iiserkol.ac.in},
  note={Supervisor: Dr. Somnath Basu},
  keywords={Degree of a Smooth Map; Homotopy Groups; Hopf Fibration; Hopf Invariant; Linking Number}
}

